<record><leader>00000cas a22000007a 4500</leader><controlfield tag="001">19242584</controlfield><controlfield tag="008">890221d18531856pauwr ne      0    0eng d</controlfield><datafield ind1=" " ind2=" " tag="010"><subfield code="a">sn 89077178 </subfield></datafield><datafield ind1=" " ind2=" " tag="040"><subfield code="a">NPH</subfield><subfield code="b">eng</subfield><subfield code="c">NPH</subfield><subfield code="d">OCLCQ</subfield></datafield><datafield ind1=" " ind2=" " tag="042"><subfield code="a">msc</subfield></datafield><datafield ind1="0" ind2=" " tag="130"><subfield code="a">Saturday evening express (Lancaster, Pa.)</subfield></datafield><datafield ind1="1" ind2="0" tag="245"><subfield code="a">Saturday evening express.</subfield></datafield><datafield ind1="1" ind2="3" tag="246"><subfield code="a">Saturday express</subfield></datafield><datafield ind1="1" ind2="3" tag="246"><subfield code="a">Weekly express</subfield></datafield><datafield ind1=" " ind2=" " tag="260"><subfield code="a">Lancaster, Pa. :</subfield><subfield code="b">John H. Pearsol,</subfield><subfield code="c">1853-</subfield></datafield><datafield ind1=" " ind2=" " tag="300"><subfield code="a">v. :</subfield><subfield code="b">ill. (chiefly advertisements)</subfield></datafield><datafield ind1=" " ind2=" " tag="310"><subfield code="a">Weekly</subfield></datafield><datafield ind1="0" ind2=" " tag="362"><subfield code="a">Vol. 10, no. 31 (Mar. 26, 1853)-</subfield></datafield><datafield ind1="1" ind2=" " tag="362"><subfield code="a">Ceased in 1856.</subfield></datafield><datafield ind1=" " ind2=" " tag="752"><subfield code="a">United States</subfield><subfield code="b">Pennsylvania</subfield><subfield code="c">Lancaster</subfield><subfield code="d">Lancaster.</subfield></datafield><datafield ind1="0" ind2="0" tag="780"><subfield code="t">Saturday express (Lancaster, Pa.)</subfield><subfield code="w">(DLC)sn 89077177</subfield></datafield><datafield ind1="0" ind2="0" tag="785"><subfield code="t">Weekly express (Lancaster, Pa.)</subfield><subfield code="w">(DLC)sn 83032296</subfield></datafield></record>